<record><leader>00000cas a22000007a 4500</leader><controlfield tag="001">19683724</controlfield><controlfield tag="008">890509c18919999mouwr ne      0    0eng d</controlfield><datafield ind1=" " ind2=" " tag="010"><subfield code="a">sn 89066336 </subfield></datafield><datafield ind1=" " ind2=" " tag="040"><subfield code="a">MQN</subfield><subfield code="b">eng</subfield><subfield code="c">MQN</subfield><subfield code="d">DLC</subfield><subfield code="d">OCLCQ</subfield></datafield><datafield ind1=" " ind2=" " tag="042"><subfield code="a">msc</subfield></datafield><datafield ind1="0" ind2="4" tag="245"><subfield code="a">The Glasgow Missourian.</subfield></datafield><datafield ind1=" " ind2=" " tag="260"><subfield code="a">Glasgow, Mo. :</subfield><subfield code="b">Wm. P. Ruffel</subfield></datafield><datafield ind1=" " ind2=" " tag="300"><subfield code="a">v.</subfield></datafield><datafield ind1=" " ind2=" " tag="310"><subfield code="a">Weekly</subfield></datafield><datafield ind1="1" ind2=" " tag="362"><subfield code="a">Began in 1891.</subfield></datafield><datafield ind1=" " ind2=" " tag="588"><subfield code="a">Description based on: Vol. 24, no. 50 (Dec. 17, 1891).</subfield></datafield><datafield ind1=" " ind2=" " tag="752"><subfield code="a">United States</subfield><subfield code="b">Missouri</subfield><subfield code="c">Howard</subfield><subfield code="d">Glasgow.</subfield></datafield><datafield ind1="0" ind2="0" tag="780"><subfield code="t">Central Missourian (Glasgow, Mo.)</subfield><subfield code="w">(DLC)sn 89066335</subfield></datafield><datafield ind1="0" ind2="5" tag="780"><subfield code="t">Howard County echo</subfield><subfield code="w">(DLC)sn 89066312</subfield></datafield><datafield ind1="0" ind2="5" tag="780"><subfield code="t">Glasgow graphic</subfield></datafield></record>